@MISC{CLICCDR, 
	
	author       = "M. Aicheler and others", 
	title        = "{CLIC} Conceptual Design Report", 
	howpublished = "CERN-2012-007", 
	month        = "", 
	year         = "2012", 
	note         = "",
}



@ARTICLE{CLIC-Higgs,
	author       = "H. Abramowicz and others",
	year         = "2016",
	journal      = "Eur.\ Phys.\ J.\ C (Submitted), CLICdp-Pub-2016-001",
	volume       = "",
	pages        = "",
}


@MISC{CLIC-staging, 
	
	author       = "{CLIC} and {CLICdp collaborations}", 
	title        = "Updated baseline for a staged Compact Linear Collider", 
	howpublished = "CERN-2016-004", 
	month        = "", 
	year         = "2016", 
	note         = "",
}

@INPROCEEDINGS{clicLumEq,
	author    = "Schulte, D. and Tomas, R.",
	booktitle = "Proceedings of {PAC09}",
	pages     = "3811--3813",
	address   = "Vancouver, Canada",
	year      = "2009",
}

@ARTICLE{Gerber2015,
	author       = "A. Gerbershagen and others",
	year         = "2015",
	journal      = "Phys.\ Rev.\ AB",
	volume       = "18",
	pages        = "041003",
}

@ARTICLE{flashPRL,
	author       = "F. L{\"o}hl and others",
	year         = "2010",
	journal      = "Phys.\ Rev.\ Let.",
	volume       = "104",
	pages        = "144801",
}

@MISC{phMonEuCard, 
	
	author       = "Marcellini, F. and others", 
	title        = "", 
	howpublished = "EuCARD-REP-2013-023", 
	month        = "June", 
	year         = "2014", 
	note         = "",
}

@INPROCEEDINGS{kickerIPAC11,
	author    = "Ghigo, A. and others",
	booktitle = "Proceedings of {IPAC2011}",
	pages     = "1000--1002",
	address   = "San Sebastian, Spain",
	year      = "2011",
}

@PHDTHESIS{RobertsThesis,
	author       = "J. Roberts", 
	title        = "", 
	school       = "University of Oxford", 
	year         = "2016", 
	
	type         = "{DPhil} thesis", 
	address      = "", 
	month        = "", 
	note         = "", 
}

@INPROCEEDINGS{Skowron2013,
	author    = "P. Skowronski and others",
	booktitle = "Proceedings of IPAC13",
	pages     = "2097--2099",
	address   = "Shanghai, China",
	year      = "2013",
}

@ARTICLE{Savelyev2017,
	author       = "E. Savelyev and others",
	year         = "2017",
	journal      = "New.\ J.\ Phys",
	volume       = "19",
	pages        = "043009",
}

@ARTICLE{Kwang2008,
	author       = "K. Kim and others",
	year         = "2008",
	journal      = "Phys.\ Rev.\ Let.",
	volume       = "100",
	pages        = "244802",
}

@ARTICLE{Sekutowicz2005,
	author       = "J. Sekutowicz and others",
	year         = "2005",
	journal      = "Phys.\ Rev.\ STAB",
	volume       = "8",
	pages        = "010701",
}

@ARTICLE{Jackson2016,
	author       = "F. Jackson and others",
	year         = "2016",
	journal      = "Phys.\ Rev.\ AB",
	volume       = "19",
	pages        = "120701",
}