
@PHDTHESIS{RobertsThesis,
	author       = "J. Roberts", 
	title        = "", 
	school       = "University of Oxford", 
	year         = "2016", 
	
	type         = "{DPhil} thesis", 
	address      = "", 
	month        = "", 
	note         = "", 
}

@INCOLLECTION{CLICCDR,
	author       = "M. Aicheler and others", 
	editor       = "",
	booktitle    = "A Multi-{TeV} Linear Collider Based on {CLIC} Technology: 
	CLIC Conceptual Design Report", 
	chapter      = "", 
	pages        = "",
	publisher    = "CERN", 
	year         = "2012", 
	
	edition      = "{CERN-2012-007}", 
	address      = "", 
	volume       = "", 
}

@PROCEEDINGS{Skowron2013, 
	title        = "Design of Phase Feed Forward System in {CTF3} and 
	Performance of Fast Beam Phase Monitors", 
	year         = "2013", 
	
	editor       = "P. Skowronski and others", 
	volume       = "", 
	number       = "", 
	series       = "Proceedings of IPAC13", 
	address      = "Shanghai, China", 
	month        = "", 
	organization = "", 
	publisher    = "", 
	note         = "", 
}

@ARTICLE{Gerber2015,
	author       = "A. Gerbershagen and others",
	year         = "2015",
	journal      = "Phys.\ Rev. AB",
	volume       = "18",
	pages        = "041003",
}

